<record><leader>00000cas a22000007a 4500</leader><controlfield tag="001">12304861</controlfield><controlfield tag="008">850725d18431844njuwr ne      0    0eng d</controlfield><datafield ind1=" " ind2=" " tag="010"><subfield code="a">sn 85035874 </subfield></datafield><datafield ind1=" " ind2=" " tag="040"><subfield code="a">NPA</subfield><subfield code="b">eng</subfield><subfield code="c">NPA</subfield><subfield code="d">OCLCQ</subfield></datafield><datafield ind1=" " ind2=" " tag="042"><subfield code="a">msc</subfield></datafield><datafield ind1="0" ind2=" " tag="130"><subfield code="a">National standard (Salem, N.J. : 1843)</subfield></datafield><datafield ind1="1" ind2="0" tag="245"><subfield code="a">National standard.</subfield></datafield><datafield ind1=" " ind2=" " tag="260"><subfield code="a">Salem, N.J. :</subfield><subfield code="b">Charles P. Smith,</subfield><subfield code="c">1843-1844.</subfield></datafield><datafield ind1=" " ind2=" " tag="300"><subfield code="a">v. :</subfield><subfield code="b">ill. (chiefly advertisements)</subfield></datafield><datafield ind1=" " ind2=" " tag="310"><subfield code="a">Weekly</subfield></datafield><datafield ind1="0" ind2=" " tag="362"><subfield code="a">Vol. 1, no. 1 (Mar. 7, 1843)-v. 2, no. 21 (July 23, 1844).</subfield></datafield><datafield ind1=" " ind2=" " tag="530"><subfield code="a">Also issued on microfilm by Microsurance Inc., Phila., Pa.</subfield></datafield><datafield ind1=" " ind2=" " tag="752"><subfield code="a">United States</subfield><subfield code="b">New Jersey</subfield><subfield code="c">Salem</subfield><subfield code="d">Salem.</subfield></datafield><datafield ind1="0" ind2="0" tag="780"><subfield code="t">Freeman's banner (Salem, N.J.)</subfield><subfield code="w">(DLC)sn 84020552</subfield></datafield><datafield ind1="0" ind2="0" tag="785"><subfield code="t">National standard and Salem County advertiser (1844)</subfield><subfield code="w">(DLC)sn 85035903</subfield></datafield></record>